<?xml version="1.0" encoding="UTF-8"?><record xmlns="http://www.loc.gov/MARC21/slim" xmlns:cinclude="http://apache.org/cocoon/include/1.0" xmlns:zs="http://www.loc.gov/zing/srw/">
  <leader>00903cz  a2200181n  4500</leader>
  <controlfield tag="001">nb2006005544</controlfield>
  <controlfield tag="003">DLC</controlfield>
  <controlfield tag="005">20120816081556.0</controlfield>
  <controlfield tag="008">060302n| acannaabn          |a ana      </controlfield>
  <datafield tag="010" ind1=" " ind2=" ">
    <subfield code="a">nb2006005544</subfield>
  </datafield>
  <datafield tag="035" ind1=" " ind2=" ">
    <subfield code="a">(Uk)006413855</subfield>
  </datafield>
  <datafield tag="040" ind1=" " ind2=" ">
    <subfield code="a">Uk</subfield>
    <subfield code="b">eng</subfield>
    <subfield code="c">Uk</subfield>
    <subfield code="d">DLC</subfield>
  </datafield>
  <datafield tag="111" ind1="2" ind2=" ">
    <subfield code="a">Education in a Changing Environment Conference</subfield>
  </datafield>
  <datafield tag="411" ind1="2" ind2=" ">
    <subfield code="a">ECE Conference</subfield>
  </datafield>
  <datafield tag="411" ind1="2" ind2=" ">
    <subfield code="a">Learning and Teaching Research Conference</subfield>
  </datafield>
  <datafield tag="667" ind1=" " ind2=" ">
    <subfield code="a">THIS 1XX FIELD CANNOT BE USED UNDER RDA UNTIL THIS RECORD HAS BEEN REVIEWED AND/OR UPDATED</subfield>
  </datafield>
  <datafield tag="670" ind1=" " ind2=" ">
    <subfield code="a">Education in a changing environment, 2004:</subfield>
    <subfield code="b">t.p. (University of Salford's 2nd Learning and Teaching Research Conference, 13-14 Sept. 2004) p.i (Education in a Changing Environment (ECE) Conference; ECE Conference)</subfield>
  </datafield>
  <datafield tag="670" ind1=" " ind2=" ">
    <subfield code="a">Univ. of Salford news release, 20 Mar. 2003</subfield>
    <subfield code="b">(Education in a Changing Environment - call for papers; the inaugural learing and teaching research conference)</subfield>
  </datafield>
</record>